<?xml version="1.0" encoding="UTF-8"?><collection xmlns="http://www.loc.gov/MARC21/slim"><record><leader>00372nam--2200133-i-4500</leader><controlfield tag="001">000046008</controlfield><controlfield tag="002">20161230</controlfield><controlfield tag="005">20161230201045</controlfield><controlfield tag="008">060222s1000------------r-----000-0-eng-d</controlfield><datafield ind1=" " ind2=" " tag="080"><subfield code="a">543.422(043)</subfield></datafield><datafield ind1=" " ind2=" " tag="100"><subfield code="a">Vann Der Elsken, Jan</subfield></datafield><datafield ind1=" " ind2=" " tag="245"><subfield code="a">The infra red absorption spectrum of the biflouride ion in solid solutions</subfield></datafield><datafield ind1=" " ind2=" " tag="260"><subfield code="a">Amsterdam, Univ., 1959, 84p</subfield></datafield><datafield ind1=" " ind2=" " tag="852"><subfield code="a">77029</subfield></datafield></record></collection>